% @Misc{CHINOSAUR:venue,
%   author =       {@\_CHINOSAUR},
%   key =          {_CHINOSAUR},
%   howpublished = {Tweet},
%   title =        {VENUE IS TOO COLD. \#BINGO \#CHI2016},
%   month =        {May},
%   day =          1,
%   year =         2015,
%   note =         {Retrieved Febuary 2, 2014 from
%                   \url{https://twitter.com/_CHINOSAUR/status/461864317415989248}},
%   annote =       {Tweet}
% }

% @inproceedings{Klemmer:2002:WSC:503376.503378,
%   author =       {Klemmer, Scott R. and Thomsen, Michael and
%                   Phelps-Goodman, Ethan and Lee, Robert and Landay,
%                   James A.},
%   title =        {Where Do Web Sites Come from?: Capturing and
%                   Interacting with Design History},
%   booktitle =    {Proceedings of the SIGCHI Conference on Human
%                   Factors in Computing Systems},
%   series =       {CHI '02},
%   year =         2002,
%   isbn =         {1-58113-453-3},
%   location =     {Minneapolis, Minnesota, USA},
%   pages =        {1--8},
%   url =          {http://doi.acm.org/10.1145/503376.503378},
%   doi =          {10.1145/503376.503378},
%   acmid =        503378,
%   publisher =    {ACM},
%   address =      {New York, NY, USA},
%   keywords =     {CSCW, activity capture, design rationale, history
%                   management, informal interfaces, sketching, tangible
%                   UI, web design},
% }

% @inproceedings{Mather:2000:MUT,
%   title =        {Making up titles for conference papers},
%   author =       {Mather, B. D.},
%   booktitle =    {Ext. Abstracts CHI 2000},
%   year =         2000,
%   publisher =    "ACM Press",
%   pages =        "1-2",
% }

% @book{Schwartz:1995:GBF,
%   title =        {Guidelines for Bias-Free Writing},
%   author =       {Marilyn Schwartz},
%   address =      {Bloomington, IN, USA},
%   year =         1995,
%   publisher =    {ERIC}
% }

% @inproceedings{Zellweger:2001:FAO:504216.504224,
%   author =       {Zellweger, Polle T. and Bouvin, Niels Olof and
%                   Jeh{\o}j, Henning and Mackinlay, Jock D.},
%   title =        {Fluid annotations in an open world},
%   booktitle =    {Proc. Hypertext 2001},
%   year =         2001,
%   pages =        {9--18},
%   publisher =    {ACM Press},
% }

% @misc{acm_categories,
%   key =          "ACM",
%   author =       {ACM},
%   title =        {How to Classify Works Using ACM's Computing
%                   Classification System},
%   year =         1998,
%   note =         {\url{http://www.acm.org/class/how_to_use.html}},
% }

% @Misc{cavender:writing,
%   author =       {Anna Cavender and Shari Trewin and Vicki Hanson},
%   title =        {Accessible Writing Guide},
%   year =         2014,
%   day =          22,
%   note =
%                   {\url{http://www.sigaccess.org/welcome-to-sigaccess/resources/accessible-writing-guide/}},
%   annote =       {URL}
% }

% @article{ethics,
%   title =        {{Social Impacts of Computing: Codes of Professional
%                   Ethics}},
%   author =       {Ronald E. Anderson},
%   doi =          "10.1177/089443939201000402",
%   journal =      "Social Science Computer Review December",
%   year =         1992,
%   volume =       10,
%   number =       4,
%   pages =        "453-469"
% }

% @Misc{heilig:sensorama,
%   author =       {Morton L. Heilig},
%   title =        {Sensorama Simulator},
%   howpublished = {U.S. Patent 3,050,870},
%   month =        {August},
%   day =          28,
%   year =         1962,
%   note =         {Filed Februrary 22, 1962.},
%   annote =       {is this right?}
% },

% @article{kaye:puc,
%   year =         2014,
%   issn =         {1617-4909},
%   journal =      {Personal and Ubiquitous Computing},
%   volume =       18,
%   number =       4,
%   doi =          {10.1007/s00779-014-0773-4},
%   title =        {Special issue on science fiction and ubiquitous
%                   computing},
%   url =          {http://dx.doi.org/10.1007/s00779-014-0773-4},
%   publisher =    {Springer London},
%   author =       {Kaye, Jofish and Dourish, Paul},
%   pages =        {765-766},
%   language =     {English}
% }

% @Misc{psy:gangnam,
%   author =       {Psy},
%   title =        {Gangnam Style},
%   howpublished = {Video},
%   month =        {July},
%   day =          15,
%   year =         2012,
%   note =         {Retrieved August 22, 2014 from
%                   \url{https://www.youtube.com/watch?v=9bZkp7q19f0}},
%   annote =       {Video URL}
% }

% @PhdThesis{sutherland:sketchpad,
%   author =       {Ivan E. Sutherland},
%   title =        {Sketchpad, a Man-Machine Graphical Communication
%                   System},
%   school =       {Massachusetts Institute of Technology},
%   year =         1963,
%   address =      {Cambridge, MA},
% }

% @InBook{winner:politics,
%   author =       {Langdon Winner},
%   title =        {The Social Shaping of Technology},
%   chapter =      {Do artifacts have politics?},
%   publisher =    {Open University Press},
%   year =         1999,
%   address =      {UK},
%   edition =      {2nd},
%   pages =        {28--40},
% }

% @incollection{ abc,
%     year={2014},
%     isbn={978-3-319-07463-4},
%     booktitle={Virtual, Augmented and Mixed Reality. Applications of Virtual and Augmented Reality},
%     volume={8526},
%     series={Lecture Notes in Computer Science},
%     editor={Shumaker, Randall and Lackey, Stephanie},
%     doi={10.1007/978-3-319-07464-1_7},
%     title={Visible Breadboard: System for Dynamic, Programmable, and Tangible Circuit Prototyping with Visible Electricity},
%     url={http://dx.doi.org/10.1007/978-3-319-07464-1_7},
%     publisher={Springer International Publishing},
%     keywords={Rapid Prototyping; Physical Computing; HCI},
%     author={Ochiai, Yoichi},
%     pages={73-84},
%     language={English}
% }

@inproceedings{Instant_Inkjet_Circuits,
 author = {Kawahara, Yoshihiro and Hodges, Steve and Cook, Benjamin S. and Zhang, Cheng and Abowd, Gregory D.},
 title = {Instant Inkjet Circuits: Lab-based Inkjet Printing to Support Rapid Prototyping of UbiComp Devices},
 booktitle = {Proceedings of the 2013 ACM International Joint Conference on Pervasive and Ubiquitous Computing},
 series = {UbiComp '13},
 year = {2013},
 isbn = {978-1-4503-1770-2},
 location = {Zurich, Switzerland},
 pages = {363--372},
 numpages = {10},
%  url = {http://doi.acm.org/10.1145/2493432.2493486},
 doi = {10.1145/2493432.2493486},
 acmid = {2493486},
 publisher = {ACM},
 address = {New York, NY, USA},
 keywords = {capacitive sensors, conductive ink, digital fabrication, inkjet-printing, rapid prototyping},
} 

@incollection{Visible_Breadboard,
   year={2014},
   isbn={978-3-319-07463-4},
   booktitle={Virtual, Augmented and Mixed Reality. Applications of Virtual and Augmented Reality},
   volume={8526},
   series={Lecture Notes in Computer Science},
   editor={Shumaker, Randall and Lackey, Stephanie},
%   doi={10.1007/978-3-319-07464-1_7},
   title={Visible Breadboard: System for Dynamic, Programmable, and Tangible Circuit Prototyping with Visible Electricity},
%   url={http://dx.doi.org/10.1007/978-3-319-07464-1_7},
   publisher={Springer International Publishing},
   keywords={Rapid Prototyping; Physical Computing; HCI},
   author={Ochiai, Yoichi},
   pages={73-84},
   language={English}
}

@inproceedings{LittleBits,
 author = {Bdeir, Ayah and Rothman, Paul},
 title = {Electronics As Material: LittleBits},
 booktitle = {Proceedings of the Sixth International Conference on Tangible, Embedded and Embodied Interaction},
 series = {TEI '12},
 year = {2012},
 isbn = {978-1-4503-1174-8},
 location = {Kingston, Ontario, Canada},
 pages = {371--374},
 numpages = {4},
%  url = {http://doi.acm.org/10.1145/2148131.2148220},
 doi = {10.1145/2148131.2148220},
 acmid = {2148220},
 publisher = {ACM},
 address = {New York, NY, USA},
 keywords = {electronics, industrial design, interaction design, littleBits, open-source, play, prototyping, studio},
}

@inproceedings{LightUp,
 author = {Chan, Joshua and Pondicherry, Tarun and Blikstein, Paulo},
 title = {LightUp: An Augmented, Learning Platform for Electronics},
 booktitle = {Proceedings of the 12th International Conference on Interaction Design and Children},
 series = {IDC '13},
 year = {2013},
 isbn = {978-1-4503-1918-8},
 location = {New York, New York, USA},
 pages = {491--494},
 numpages = {4},
%  url = {http://doi.acm.org/10.1145/2485760.2485812},
 doi = {10.1145/2485760.2485812},
 acmid = {2485812},
 publisher = {ACM},
 address = {New York, NY, USA},
 keywords = {constructionism, education, electronics, tangible interfaces},
}

@inproceedings{Circuit_Stickers,
 author = {Hodges, Steve and Villar, Nicolas and Chen, Nicholas and Chugh, Tushar and Qi, Jie and Nowacka, Diana and Kawahara, Yoshihiro},
 title = {Circuit Stickers: Peel-and-stick Construction of Interactive Electronic Prototypes},
 booktitle = {Proceedings of the 32Nd Annual ACM Conference on Human Factors in Computing Systems},
 series = {CHI '14},
 year = {2014},
 isbn = {978-1-4503-2473-1},
 location = {Toronto, Ontario, Canada},
 pages = {1743--1746},
 numpages = {4},
%  url = {http://doi.acm.org/10.1145/2556288.2557150},
 doi = {10.1145/2556288.2557150},
 acmid = {2557150},
 publisher = {ACM},
 address = {New York, NY, USA},
 keywords = {conductive inkjet, physical computing, rapid prototyping, silver ink, solderless electronics, tangible interfaces},
}

@inproceedings{Sketching_in_Circuits,
 author = {Qi, Jie and Buechley, Leah},
 title = {Sketching in Circuits: Designing and Building Electronics on Paper},
 booktitle = {Proceedings of the SIGCHI Conference on Human Factors in Computing Systems},
 series = {CHI '14},
 year = {2014},
 isbn = {978-1-4503-2473-1},
 location = {Toronto, Ontario, Canada},
 pages = {1713--1722},
 numpages = {10},
%  url = {http://doi.acm.org/10.1145/2556288.2557391},
 doi = {10.1145/2556288.2557391},
 acmid = {2557391},
 publisher = {ACM},
 address = {New York, NY, USA},
 keywords = {circuit prototyping, paper computing, sketchbooks, toolkits},
}

@inproceedings{ShrinkyCircuits,
 author = {Lo, Joanne and Paulos, Eric},
 title = {ShrinkyCircuits: Sketching, Shrinking, and Formgiving for Electronic Circuits},
 booktitle = {Proceedings of the 27th Annual ACM Symposium on User Interface Software and Technology},
 series = {UIST '14},
 year = {2014},
 isbn = {978-1-4503-3069-5},
 location = {Honolulu, Hawaii, USA},
 pages = {291--299},
 numpages = {9},
%  url = {http://doi.acm.org/10.1145/2642918.2647421},
 doi = {10.1145/2642918.2647421},
 acmid = {2647421},
 publisher = {ACM},
 address = {New York, NY, USA},
 keywords = {DIY, creativity support tools, education, electronics, fabrication, prototyping, sketching, sustainability design},
}

@Misc{Fritzing,
  title = {{Fachhochschule Potsdam. Fritzing.}},
  howpublished = {\url{http://fritzing.org/}},
  urlcolor = black,
  year = {2015}
}

@Misc{EAGLE,
  title = {{CadSoft. EAGLE.}},
  howpublished = {\url{http://www.cadsoftusa.com/}},
  urlcolor = black,
  year = {2011}
}